<?xml version="1.0" encoding="UTF-8"?><collection xmlns="http://www.loc.gov/MARC21/slim"><record><leader>00404nam--2200145-i-4500</leader><controlfield tag="001">000030701</controlfield><controlfield tag="002">20161230</controlfield><controlfield tag="005">20161230201038</controlfield><controlfield tag="008">060222s1000------------r-----000-0-eng-d</controlfield><datafield ind1=" " ind2=" " tag="080"><subfield code="a">515(075.8)</subfield></datafield><datafield ind1=" " ind2=" " tag="100"><subfield code="a">Matei, Al./S.A.</subfield></datafield><datafield ind1=" " ind2=" " tag="245"><subfield code="a">Geometrie descriptiva. culegere de probleme</subfield></datafield><datafield ind1=" " ind2=" " tag="260"><subfield code="a">Bucuresti, Editura Didactica Si Pedagogica, 1967, 330p</subfield></datafield><datafield ind1=" " ind2=" " tag="852"><subfield code="a">27754</subfield><subfield code="c">513</subfield></datafield><datafield ind1=" " ind2=" " tag="CAT"><subfield code="a">Sys</subfield><subfield code="c">20080527</subfield><subfield code="h">111951</subfield></datafield></record></collection>